<?xml version="1.0" encoding="UTF-8"?><record xmlns="http://www.loc.gov/MARC21/slim" xmlns:cinclude="http://apache.org/cocoon/include/1.0" xmlns:zs="http://www.loc.gov/zing/srw/">
  <leader>00359nz  a2200121n  4500</leader>
  <controlfield tag="001">nr 91022650 </controlfield>
  <controlfield tag="003">DLC</controlfield>
  <controlfield tag="005">19910626061749.5</controlfield>
  <controlfield tag="008">910625n| acannaab|          |n aaa      </controlfield>
  <datafield tag="010" ind1=" " ind2=" ">
    <subfield code="a">nr 91022650 </subfield>
  </datafield>
  <datafield tag="040" ind1=" " ind2=" ">
    <subfield code="a">DLC-R</subfield>
    <subfield code="c">DLC-R</subfield>
  </datafield>
  <datafield tag="100" ind1="1" ind2="0">
    <subfield code="a">Ching, Emily</subfield>
  </datafield>
  <datafield tag="670" ind1=" " ind2=" ">
    <subfield code="a">Chung-kuo hai tzu ti ku shih. English &amp; Chinese. Chinese children's stories, 1991:</subfield>
    <subfield code="b">colophon (Emily Ching)</subfield>
  </datafield>
</record>